<record><leader>00000cas a2200000 i 4500</leader><controlfield tag="001">932299382</controlfield><controlfield tag="006">m     o  d        </controlfield><controlfield tag="007">cr |||||||||||</controlfield><controlfield tag="008">151216d18511875msuwr neo     0   a0eng  </controlfield><datafield ind1=" " ind2=" " tag="010"><subfield code="a">  2015270737</subfield></datafield><datafield ind1=" " ind2=" " tag="040"><subfield code="a">DLC</subfield><subfield code="b">eng</subfield><subfield code="e">rda</subfield><subfield code="c">DLC</subfield><subfield code="d">OCLCF</subfield></datafield><datafield ind1="0" ind2=" " tag="022"><subfield code="a">2470-0150</subfield><subfield code="2">1</subfield></datafield><datafield ind1=" " ind2=" " tag="042"><subfield code="a">pcc</subfield><subfield code="a">nsdp</subfield></datafield><datafield ind1=" " ind2=" " tag="043"><subfield code="a">n-us-ms</subfield></datafield><datafield ind1="1" ind2="0" tag="050"><subfield code="a">ISSN RECORD</subfield></datafield><datafield ind1="1" ind2="0" tag="082"><subfield code="a">071</subfield><subfield code="2">23</subfield></datafield><datafield ind1="0" ind2=" " tag="130"><subfield code="a">Prairie news (Okolona, Miss.)</subfield></datafield><datafield ind1=" " ind2="4" tag="222"><subfield code="a">The prairie news</subfield><subfield code="b">(Okolona, Miss. Online)</subfield></datafield><datafield ind1="1" ind2="4" tag="245"><subfield code="a">The prairie news.</subfield></datafield><datafield ind1=" " ind2="1" tag="264"><subfield code="a">Okolona, Miss. :</subfield><subfield code="b">J. H. Knox</subfield></datafield><datafield ind1=" " ind2=" " tag="300"><subfield code="a">1 online resource</subfield></datafield><datafield ind1=" " ind2=" " tag="310"><subfield code="a">Weekly</subfield></datafield><datafield ind1=" " ind2=" " tag="336"><subfield code="a">text</subfield><subfield code="b">txt</subfield><subfield code="2">rdacontent</subfield></datafield><datafield ind1=" " ind2=" " tag="337"><subfield code="a">computer</subfield><subfield code="b">c</subfield><subfield code="2">rdamedia</subfield></datafield><datafield ind1=" " ind2=" " tag="338"><subfield code="a">online resource</subfield><subfield code="b">cr</subfield><subfield code="2">rdacarrier</subfield></datafield><datafield ind1="1" ind2=" " tag="362"><subfield code="a">Began in 1851. Ceased in 1875?</subfield></datafield><datafield ind1=" " ind2=" " tag="500"><subfield code="a">"Official journal of the United States."</subfield></datafield><datafield ind1=" " ind2=" " tag="500"><subfield code="a">Editors: W.E. Weddell, Dr. R.M. Tindall, &lt;1873&gt;.</subfield></datafield><datafield ind1=" " ind2=" " tag="500"><subfield code="a">Publishers: Reuben Nason, &lt;June 7, 1855&gt;; John Richardson, &lt;September 8, 1859&gt;.</subfield></datafield><datafield ind1=" " ind2=" " tag="588"><subfield code="a">Description based on: Vol. VI, no. 21 (February 3, 1858); title from masthead (Chroniclingamerica.loc.gov, viewed December 16, 2015).</subfield></datafield><datafield ind1=" " ind2=" " tag="588"><subfield code="a">Latest issue consulted: Vol. VII, no. 52 (September 8, 1859) (Chroniclingamerica.loc.gov, viewed December 16, 2015).</subfield></datafield><datafield ind1=" " ind2="0" tag="651"><subfield code="a">Okolona (Miss.)</subfield><subfield code="v">Newspapers.</subfield></datafield><datafield ind1=" " ind2="7" tag="655"><subfield code="a">Newspapers.</subfield><subfield code="2">fast</subfield><subfield code="0">(OCoLC)fst01423814</subfield></datafield><datafield ind1=" " ind2="7" tag="651"><subfield code="a">Mississippi</subfield><subfield code="z">Okolona.</subfield><subfield code="2">fast</subfield><subfield code="0">(OCoLC)fst01226855</subfield></datafield><datafield ind1=" " ind2=" " tag="752"><subfield code="a">United States</subfield><subfield code="b">Mississippi</subfield><subfield code="c">Chickasaw</subfield><subfield code="d">Okolona.</subfield></datafield><datafield ind1="0" ind2="8" tag="776"><subfield code="i">Originally issued in print:</subfield><subfield code="t">Prairie news (Okolona, Miss.)</subfield><subfield code="x">2470-0142</subfield><subfield code="w">(DLC)sn 85034467</subfield><subfield code="w">(OCoLC)12881836</subfield></datafield><datafield ind1="4" ind2="0" tag="856"><subfield code="u">http://www.loc.gov/chroniclingamerica/lccn/sn85034467/issues</subfield></datafield></record>